@article{Adjiman19981137,
title = "A global optimization method, αBB, for general twice-differentiable constrained \{NLPs\} — I. Theoretical advances ",
journal = "Computers \& Chemical Engineering ",
volume = "22",
number = "9",
pages = "1137 - 1158",
year = "1998",
note = "",
issn = "0098-1354",
doi = "http://dx.doi.org/10.1016/S0098-1354(98)00027-1",
url = "http://www.sciencedirect.com/science/article/pii/S0098135498000271",
author = "C.S. Adjiman and S. Dallwig and C.A. Floudas and A. Neumaier"
}

@article{Wachter2006,
year={2006},
issn={0025-5610},
journal={Mathematical Programming},
volume={106},
number={1},
doi={10.1007/s10107-004-0559-y},
title={On the implementation of an interior-point filter line-search algorithm for large-scale nonlinear programming},
url={http://dx.doi.org/10.1007/s10107-004-0559-y},
publisher={Springer-Verlag},
keywords={Nonlinear programming; Nonconvex constrained optimization; Filter method; Line search; Interior-point method; Barrier method; 49M37; 65K05; 90C30; 90C51},
author={Wächter, Andreas and Biegler, Lorenz T.},
pages={25-57},
language={English}
}

@MISC{eigenweb,
  author = {Ga\"{e}l Guennebaud and Beno\^{i}t Jacob and others},
  title = {Eigen v3},
  howpublished = {http://eigen.tuxfamily.org},
  year = {2010}
 }
 
 @book{Boyd:2004:CO:993483,
 author = {Boyd, Stephen and Vandenberghe, Lieven},
 title = {Convex Optimization},
 year = {2004},
 isbn = {0521833787},
 publisher = {Cambridge University Press},
 address = {New York, NY, USA},
}
 
@book{Nocedal99,
    author = {Nocedal, Jorge and Wright, Stephen J.},
    title = {Numerical Optimization},
	year = {1999},
    publisher = {Springer},
    isbn = {0387987932},
}

@article{clausen1999branch,
  title={Branch and bound algorithms-principles and examples},
  author={Clausen, Jens},
  journal={Department of Computer Science, University of Copenhagen},
  pages={1--30},
  year={1999}
}

